<?xml version="1.0" encoding="UTF-8"?><collection xmlns="http://www.loc.gov/MARC21/slim"><record><leader>00562nam--2200181-i-4500</leader><controlfield tag="001">000029566</controlfield><controlfield tag="002">20161230</controlfield><controlfield tag="005">20161230201037</controlfield><controlfield tag="008">060222s1000------------r-----000-0-fre-d</controlfield><datafield ind1=" " ind2=" " tag="040"><subfield code="a">IFIN-HH</subfield></datafield><datafield ind1=" " ind2=" " tag="041"><subfield code="a">fre</subfield></datafield><datafield ind1=" " ind2=" " tag="080"><subfield code="a">621.375.826:015:535:778.4</subfield></datafield><datafield ind1="1" ind2=" " tag="100"><subfield code="a">Lacourt, Alain</subfield></datafield><datafield ind1="1" ind2="0" tag="245"><subfield code="a">Methodes holographiques appliquees a la determination du degre de coherence et du profil de l`onde par un laser a rubis</subfield><subfield code="b">These</subfield><subfield code="c">Alain lacourt</subfield></datafield><datafield ind1=" " ind2=" " tag="260"><subfield code="a">Besancon</subfield><subfield code="b">Faculte Des Sciences</subfield><subfield code="c">1970</subfield></datafield><datafield ind1=" " ind2=" " tag="300"><subfield code="a">71P</subfield></datafield><datafield ind1=" " ind2=" " tag="852"><subfield code="a">38283</subfield><subfield code="c">535</subfield></datafield><datafield ind1=" " ind2=" " tag="CAT"><subfield code="a">Sys</subfield><subfield code="c">20110119</subfield><subfield code="h">153808</subfield></datafield></record></collection>